<?xml version="1.0" encoding="UTF-8"?><collection xmlns="http://www.loc.gov/MARC21/slim"><record><leader>00359nam--2200133-i-4500</leader><controlfield tag="001">000009306</controlfield><controlfield tag="002">20161230</controlfield><controlfield tag="005">20161230201028</controlfield><controlfield tag="008">060222s1000------------r-----000-0-eng-d</controlfield><datafield ind1=" " ind2=" " tag="100"><subfield code="a">Cobbold, Richard S.C</subfield></datafield><datafield ind1=" " ind2=" " tag="245"><subfield code="a">Theory and applications of filed-effect transi stors</subfield></datafield><datafield ind1=" " ind2=" " tag="260"><subfield code="a">New York, Wiley-interscience, 1970</subfield></datafield><datafield ind1=" " ind2=" " tag="490"><subfield code="a">Xv + 534 P</subfield></datafield><datafield ind1=" " ind2=" " tag="852"><subfield code="a">621.382.3</subfield></datafield></record></collection>